2770 4620
157 236 162 248 ,
188 167 264 244 334
537 163 596 242 Cl.
623 169 667 242 V.
686 197 695 273 '.
721 171 960 281 Pentandria.

165 349 171 366 '
251 350 392 435 uugorsk
413 351 488 432 (L.)
510 363 544 415 et
564 353 599 414 in
622 349 749 414 deserto
770 352 999 436 Kirglrisorum
1020 357 1106 420 inter
1127 357 1305 434 Ustlrame-¹

239 467 392 550 'nogorslt
413 478 447 530 et
466 465 613 530 Ablailcit
634 463 717 548 (M.)
741 475 789 538 2i..
814 469 863 532 ill.
886 469 962 535 lun.
986 481 1018 533 et
1039 471 1103 537 Jul.

207 665 209 671 Ι
270 583 353 645 Tota
365 583 474 668 plenta
490 583 705 663 gleucescenr,
728 583 845 662 glabra.
865 583 1013 662 Radix
1032 554 1305 672 crassa,‘lignosa,

186 701 365 785 multiceps.
411 695 569 762 Gaules
590 699 711 784 plures,
734 701 831 762 erecti
851 700 906 764 rel
927 701 1057 788 obliqui,
1080 705 1137 766 vix
1160 696 1305 790 pedales.

76 821 80 831 ‘
189 815 329 878 crassitie
350 835 478 900 pennae
500 815 718 892 columbinae,
745 815 896 896 graciles,
917 819 1046 896 ramosi,
1068 839 1163 904 perae
1183 821 1305 901 foliosi,

186 932 304 1016 glabri,
327 930 436 992 striati.
481 927 604 992 Rami
626 950 668 992 ex
691 930 797 993 axillis
819 932 980 1013 foliorum,
1004 934 1147 1020 exceptis
1167 935 1304 1016 intimis,

186 1057 330 1136 petentes
353 1047 405 1109 vel
433 1055 738 1129 erecto-patentes3
769 1045 938 1126 inferiores
958 1050 1083 1111 remulo
1112 1052 1304 1137 plerumque

185 1161 344 1244 instructi3
367 1166 545 1246 superiores
565 1155 944 1249 simplicioresephylli.
990 1163 1104 1250 Folia
1128 1142 1312 1254 petiolate,¹

186 1285 346 1346 radicalia
362 1279 546 1364 bipinnata:
568 1285 676 1361 pinnis
698 1276 729 1356 5,
753 1277 960 1365 petiolulatis,
982 1281 1155 1366 oppositisr
1178 1282 1302 1366 pinnu-

184 1400 225 1462 lis
246 1397 280 1460 in
301 1394 413 1482 quavis
434 1394 530 1479 pinne
552 1391 574 1456 3
596 1403 651 1455 aut
673 1393 710 1473 5,
739 1395 928 1480 plerumque
951 1397 1110 1477 integris,
1125 1369 1227 1461 rarius
1250 1399 1302 1461 bi-

185 1515 240 1577 vel
260 1510 415 1589 trisectis,
437 1510 661 1588 angustissime
682 1509 1064 1592 linearibus-latitudine
1077 1513 1203 1598 petioli,
1226 1505 1303 1600 plai-

133 1661 136 1666 ¹
185 1631 246 1706 nis,
267 1624 447 1714 suspiciatis,
471 1623 612 1710 undique
634 1625 843 1707 glaberrimis,
864 1625 990 1708 rigidis,
1013 1628 1302 1715 semipollicaribus

185 1747 239 1811 vel
265 1743 488 1831 pollicaribus,
526 1735 661 1804 subinde
687 1741 946 1825 bipollicaribus3
982 1748 1107 1807 currlina
1143 1743 1302 1824 inferiora
1330 1730 1338 1750 ‘
1380 1829 1381 1836 ἵ

184 1861 375 1926 radientibus
396 1857 578 1937 simillima,
608 1865 775 1942 superiora
796 1859 983 1945 simpliciter
1005 1863 1136 1944 pinnata
1159 1861 1214 1922 vel
1233 1871 1301 1922 ter·

187 1989 280 2058 nata3
310 1989 432 2038 summo
462 1971 673 2057 simpliciora,
700 1975 847 2039 linearia.
889 1971 1049 2041 Petioli
1073 1975 1162 2040 foliis
1183 1997 1301 2063 parum

184 2091 358 2168 breviores,
382 2089 588 2166 canaliculati,
610 2089 680 2152 basi
702 2089 738 2152 in
758 2095 910 2170 vaginam
926 2091 1057 2152 brevem
1075 2093 1302 2176 amplexicau·

184 2213 249 2274 lem
271 2205 417 2286 margine
439 2205 715 2270 membranaceum
739 2201 875 2272 dilatati.
918 2203 1134 2272 Umbellee
1155 2209 1192 2272 in
1208 2211 1301 2272 caule

184 2325 346 2408 remisque
365 2320 562 2399 terminales,
585 2307 860 2385 6-81adtataes
882 2327 984 2386 radiis
998 2333 1054 2386 aut
1068 2325 1219 2388 omnibus
1242 2347 1301 2387 ae-

184 2441 346 2528 qualibus,
373 2445 429 2499 aut
454 2434 661 2500 interioribus
683 2411 901 2516 brevioribus,
922 2437 1034 2502 6-09
1054 2441 1155 2504 lineas
1175 2442 1296 2522 longis.
1379 2481 1381 2488 ,

184 2555 449 2621 involucrum
470 2551 594 2614 nullum
616 2554 670 2616 vel
691 2553 794 2621 rarius
815 2554 1077 2638 monophyllum:
1100 2556 1212 2642 foliolo
1233 2558 1301 2618 mi·

184 2684 263 2738 nuto
290 2679 428 2734 astacon.
478 2663 747 2730 Umbellulae
783 2665 1059 2734 8-10-fl0rae.
1112 2668 1301 2736 Involu-

183 2774 289 2853 cella
312 2779 583 2866 75-8-phylla:
605 2781 736 2862 foliolis
756 2783 906 2863 minutis,
936 2787 1202 2867 membranaceis,
1225 2789 1301 2852 lan·

85 2942 88 2948 κ
166 2902 326 2992 ⁸ceulatis,
348 2897 555 2977 acuminatis,
577 2897 877 2984 patenti-reflexis,
901 2901 1156 2986 persistentibus.
1198 2899 1302 2966 Flo·

183 3042 249 3088 res
271 3017 345 3096 albi,
368 3012 568 3100 pedicellati:
591 3012 822 3099 pedieellis
841 3015 974 3100 sesqui·
994 3017 1046 3079 vel
1073 3016 1295 3084 bilinearibus.

184 3105 510 3219 liecepteculum
527 3131 1014 3210 membranaceoemerginatum.
1054 3129 1182 3214 Calyx
1201 3137 1301 3219 quiu-

183 3251 415 3340 quedentetus:
448 3247 591 3319 dentibus
612 3249 646 3309 in
668 3249 774 3310 fructu
797 3257 924 3330 maturo
947 3246 1086 3312 reflexis.
1131 3247 1301 3316 Grerno-

77 3381 80 3396 ⁴
157 3366 370 3454 'carpium
399 3363 618 3450 prismaticum
651 3383 670 3424 a
701 3363 802 3426 latere
824 3383 1055 3456 conlpressurn.
1103 3359 1301 3450 Carpella

183 3483 395 3554 tube'rcnleta,
421 3482 507 3560 jugis
525 3477 799 3541 subfiliiormibus.
845 3475 986 3542 Vittae
1007 3501 1065 3566 pro
1087 3500 1177 3542 more
1196 3501 1301 3562 gene·
1379 3507 1381 3560 3

183 3601 240 3666 ris.
290 3593 594 3681 Stylopodium
624 3595 791 3674 conicum,
829 3595 974 3676 margine
1000 3594 1099 3658 basali
1133 3593 1299 3662 undulata.

184 3707 294 3796 styli
316 3711 468 3776 arcuatim
488 3703 617 3784 reflexi'
723 3749 725 3754 -
1089 3791 1094 3801 1

269 3825 304 3894 S.
327 3821 477 3890 elatum
498 3825 641 3887 maxime
665 3809 764 3886 affine
779 3842 822 3887 ex
843 3821 1109 3910 descriptionibus
1131 3824 1299 3889 annorum

123 3967 125 3971 ’
184 3943 341 4034 (piantem
353 3943 456 4028 ipsam
475 3959 541 4003 non
559 3936 644 4018 vidi).
661 3925 870 4024 sequentibus
886 3937 1015 4025 differre
1031 3938 1181 4005 vitietur:
1207 3939 1301 4004 caule

185 4059 366 4138 articulato,
399 4053 542 4122 articulis
565 4051 695 4144 nodosis
725 4053 856 4133 albidis,
889 4055 1016 4136 vaginis
1038 4057 1129 4137 latis,
1158 4057 1302 4120 umbella

184 4171 281 4240 radiis
311 4153 419 4238 3-sso
450 4171 503 4256 (in
527 4181 635 4235 nostro
659 4167 680 4233 6
702 4171 756 4234 vel
777 4165 816 4251 8,
847 4170 1082 4255 longioribus),
1112 4174 1299 4236 umbellulis
1327 4246 1336 4262 ,
