2752 4620
159 143 209 212 30
346 157 354 182 ··
522 125 582 207 cl.
606 130 654 204 11.
705 63 905 206 Diandria.

242 321 286 386 V.
308 315 522 414 angustitolin
536 308 670 382 floribus
689 289 883 405 paniculatis
902 313 1059 384 Ammon.
1074 325 1165 385 rull.
1188 315 1242 385 32.
1351 306 1355 382 1

168 431 175 448 Ν
216 437 287 504 ‘V.
308 433 418 523 spuria
438 433 474 496 S.
500 430 541 497 G.
568 432 667 498 Gmel.
688 441 727 499 it.
750 429 780 496 Ι.
803 457 835 520 p.
853 430 917 498 169
938 445 963 500 t.
984 429 1038 496 39.

242 552 286 620 V.
309 549 417 638 spuria
436 547 490 612 M.
514 571 545 612 u.
569 549 660 616 Bieb.
682 549 732 612 Fi·
756 561 840 612 taur.
863 569 953 614 caue.
975 544 1006 613 Ι.
1030 573 1066 634 p.
1080 549 1113 616 6.
1135 551 1200 614 Νο.
1217 547 1270 614 13.

288 679 319 732 el
348 663 394 728 V·
415 661 588 744 bremfclia
617 667 657 747 ej.
680 669 702 728 l.
724 687 752 731 c.
775 663 840 729 No.
864 661 919 731 14.
946 676 1024 748 teste
1045 670 1084 730 cl.
1108 667 1220 733 Steven
1240 673 1274 728 iu
1358 703 1359 708 κ

178 787 180 796 ’
287 779 391 848 Mam.
422 786 463 847 de
491 787 523 846 la
550 781 623 845 Soc.
654 783 710 844 des
735 779 855 844 Natnr.
882 783 923 843 de
948 779 1098 847 Mcsccu.
1122 783 1203 846 Tam
1226 778 1271 846 V.
1358 847 1360 876 ᾖ

284 895 405 984 11338.
429 921 493 962 non
509 907 705 984 repugnante
721 899 765 960 '.cl
780 893 834 960 Μ.
849 917 882 958 α.
899 893 987 960 Bab.
1006 896 1054 963 ΡΙ.
1071 911 1159 963 taur.
1182 919 1273 963 caua.

287 1013 349 1078 111.
370 1039 404 1099 p.
426 1009 458 1095 β.

157 1131 159 1142 ’
245 1127 291 1195 V.
318 1129 489 1192 leucantha
516 1125 622 1191 Helm.
643 1123 748 1190 Man.
777 1127 817 1190 de
845 1127 880 1188 la
906 1124 981 1190 Soc.
1011 1129 1068 1192 des
1086 1126 1208 1198 Natur.
1235 1132 1276 1196 de

287 1245 434 1310 Moscou.
460 1205 544 1306 Tem
566 1237 615 1307 H.
643 1266 678 1328 p.
696 1237 772 1307 104.
796 1236 886 1307 Τ.8.
1203 1255 1205 1272 “

244 1357 290 1423 V.
316 1357 556 1438 altaicaFisch,
581 1356 706 1424 Canis
731 1357 862 1422 Gcrinlc.
886 1351 1026 1421 a1812.

244 1474 368 1538 Hab.
356 1497 390 1538 1n
419 1475 579 1538 montosis
609 1474 719 1538 minus
751 1425 848 1536 editis
878 1469 1158 1538 ccident‘alioribus
1187 1468 1277 1534 haud

159 1609 231 1654 rara
253 1593 315 1670 (L.
337 1591 391 1657 M.
415 1592 504 1677 B.),
532 1592 570 1656 in
591 1601 694 1656 mont.
717 1587 909 1672 Tarbagatai
938 1588 1099 1668 (Stevers)
1126 1585 1177 1654 ΕΙ.
1198 1585 1274 1654 Jun.

159 1705 280 1772 Jul.2l·

243 1821 359 1887 Planta
379 1821 593 1910 polymorpha
616 1832 650 1884 et
671 1823 782 1886 forsan
798 1843 863 1886 non
885 1817 1014 1884 diversa
1036 1839 1055 1880 a
1077 1817 1121 1883 V.
1144 1819 1278 1884 folio-

161 1956 218 2018 sa,
240 1940 551 2020 amethysthina
573 1949 607 2002 et
628 1935 777 2014 nitida,
799 1956 882 2022 quae
898 1955 1013 2000 omnes
1035 1934 1180 1998 laevibus
1201 1945 1277 1998 tan·
1357 1923 1361 1930 ¹

160 2062 243 2134 tum,
264 2073 323 2116 nec
344 2055 565 2126 constantibus
588 2054 675 2116 notis
697 2053 899 2116 abinvicem
921 2049 1084 2114 differunt.
1131 2047 1286 2116 Occurrit.

63 2145 66 2151 ¹
159 2167 326 2256 tripedalis
347 2180 381 2232 et
401 2169 460 2232 vix
481 2166 598 2255 pedem
620 2170 706 2247 alta,
736 2165 833 2230 valde
862 2167 1041 2253 pubescens
1062 2175 1097 2228 et
1118 2165 1278 2254 glabrius-

161 2267 240 2364 cula,
260 2283 348 2347 foliis
370 2284 471 2347 ternis
493 2295 545 2364 et,
576 2284 680 2347 rarius
703 2279 852 2370 quidem,
875 2280 1051 2368 oppositis,
1073 2281 1276 2346 brevioribus

161 2409 194 2462 et
213 2398 380 2479 elongatis,
404 2399 633 2464 obtusiusculis
654 2411 689 2464 et
711 2397 1007 2464 nominatissimis.
1053 2394 1167 2482 Spicae
1188 2419 1278 2462 sem-

159 2515 347 2602 perplures
375 2514 412 2578 in
436 2513 534 2601 apice
552 2515 652 2580 caulis
680 2526 714 2578 et
742 2533 784 2580 ex
814 2514 925 2578 axillis
951 2514 1187 2600 superioribus,
1214 2512 1277 2578 ¹sed
1316 2515 1322 2528 “

158 2639 229 2694 tum
251 2631 435 2710 elongatae,
457 2631 564 2708 laxae,
588 2631 691 2692 immo
712 2639 877 2707 nutantes,
898 2639 969 2690 tarn
991 2630 1106 2692 breves
1128 2640 1162 2692 et
1182 2631 1277 2692 stric-
1314 2704 1321 2714 ἢ

159 2755 223 2809 tae.
256 2741 296 2808 In
314 2745 462 2808 omnibus
482 2763 563 2808 varo
580 2743 810 2830 speciminibus
823 2743 900 2806 lolia
920 2743 990 2805 basi
1009 2753 1183 2824 attenuata,
1206 2765 1277 2808 ser-

159 2871 286 2923 raturae
313 2860 481 2946 aequales,
513 2859 633 2946 spicae·
648 2859 868 2946 paniculatae,
904 2859 1049 2921 bracteae
1078 2857 1276 2945 pedicellum

160 2986 345 3060 aequantes,
368 2975 510 3040 stamina
531 2977 701 3062 stylusque
721 2973 781 3040 vix
802 2973 956 3036 corollam
977 2949 1177 3060 superantes,
1200 2997 1276 3063 cap·

159 3091 251 3156 sulae
264 3091 371 3174 calyce
385 3090 489 3156 multo
509 3091 684 3176 longiores,
705 3091 765 3160 vix
777 3087 934 3172 turgidae,
957 3090 1274 3178 compressiusculae.

485 3232 525 3316 3)
553 3234 729 3300 Vennum
751 3254 887 3299 sescena
907 3233 948 3297 1..

159 3361 208 3440 V.
234 3359 339 3460 spica
373 3361 572 3439 terminali
599 3363 791 3472 solitaria,
823 3361 927 3438 foliis
952 3361 1185 3443 radicalibus
1211 3367 1276 3442 ab·

100 3571 103 3576 ,
135 3535 143 3543 ’
209 3494 334 3596 longis
367 3495 552 3588 arenatis;
586 3497 751 3578 caulinis
783 3496 1197 3597 oblongo-lanceolata
1228 3500 1276 3574 li·

211 3623 352 3700 neari·
366 3627 636 3702 lanceolatisve
670 3627 834 3704 dentatis
869 3630 980 3729 apice
1009 3631 1278 3732 integerrimis

217 3735 408 3854 cauisque
442 3757 691 3836 adscendente
730 3755 1053 3906 subglandulosc·
1072 3762 1301 3864 pubescen-

158 3885 323 3962 tibus

247 4013 291 4081 V.
312 4016 433 4102 spicata
455 4019 589 4104 Spreug.
611 4021 690 4104 Syn
709 4044 777 4103 aeg.
801 4020 832 4085 I.
852 4047 886 4108 p.
904 4019 958 4088 71.
982 4019 1049 4086 No.
1073 4019 1124 4087 11.
1147 4053 1192 4072 ·-
1220 4021 1273 4086 Μ.

289 4153 322 4198 a.
345 4129 435 4199 Bteb.
460 4133 507 4198 Fl.
530 4146 613 4200 taur.
638 4151 727 4204 acue.
749 4137 779 4203 I.
798 4161 833 4227 p.
849 4137 883 4206 8.
905 4138 970 4204 Νο.
989 4135 1041 4224 17.
1063 4171 1108 4189 -·
1143 4139 1272 4205 Patria.
